@book{GRIFFTHS:2008,
	author    = {David Griffths},
	publisher = {WILEY-VCH},
	title     = {Introduction to Elementary Particles},
	year      = {2008},
	isbn      = {978-3-527-40601-2},
	series    = {Physics Textbook},
	edition   = {{Second, Revised Edition}},
}

@inproceedings{CERN:2004,
	author = {Yuri L. Dokshitzer},
	title = {{QCD} {P}henomology},
	booktitle = {European Organization for Nuclear Research},
	pages = {235},
	address = {Pylos, Greece},
	organization = {CERN},
	year = {2004},
	month = {Aug},
}

@misc{ALTARELLI:2013,
	title={Collider Physics within the Standard Model: a Primer}, 
	author={Guido Altarelli},
	year={2013},
	eprint={1303.2842},
	archivePrefix={arXiv},
	primaryClass={hep-ph}
}
@book{DONOGHUE:2014,
	place={Cambridge},
	edition={2},
	series={Cambridge Monographs on Particle Physics, Nuclear Physics and Cosmology},
	title={Dynamics of the Standard Model},
	DOI={10.1017/CBO9780511803512},
	publisher={Cambridge University Press},
	author={Donoghue, John F. and Golowich, Eugene and Holstein, Barry R.},
	year={2014},
	collection={Cambridge Monographs on Particle Physics, Nuclear Physics and Cosmology}
}

@mastersthesis{LUIS:2014,
	address={Universidade Federal de Pelotas},
	author={Luís Augusto Souza Martins},
	pages={71},
	school={UFPEL--IFM(PPGF)},
	title={Determinação da Distribuição de Glúons do Próton na Fotoprodução de Mésons Vetoriais no Grande Colisor de Hádrons},
	type={Mestrado em Física},
	year={2014}
}

@article{PREDAZZI:1998,
	title = {Diffraction : past, present and future}, 
	author = {E. Predazzi},
	year = {1998},
	journal = {arXiv:hep-ph/980945},
}
@misc{RYSKIN:1996,
	title = {Diffractive ${J}/\psi$ photoproduction as a probe of the gluon density}, 
	author = {M. G. Ryskin and R. G. Roberts and A. D. Martin and E. M. Levin},
	year = {1996},
	journal = {arXiv:hep-ph/9511228},
}

@INCOLLECTION{Altarelli2020-ga,
	title     = {Gauge Theories and the Standard Model},
	booktitle = {Particle Physics Reference Library},
	author    = {Altarelli, Guido and Forte, Stefano},
	publisher = {Springer International Publishing},
	pages     = {7--32},
	year      = {2020},
	address   = {Cham},
	copyright = {https://creativecommons.org/licenses/by/4.0}
}
@article{Altarelli:1977zs,
    author = {Altarelli, Guido and Parisi, G.},
    title = {Asymptotic Freedom in Parton Language},
    reportNumber = {LPTENS-77-6},
    doi = {10.1016/0550-3213(77)90384-4},
    journal = {Nucl. Phys. B},
    volume = {126},
    pages = {298--318},
    year = {1977}
}

@article{Gribov:1972ri,
    author = {Gribov, V. N. and Lipatov, L. N.},
    title = {Deep inelastic e p scattering in perturbation theory},
    reportNumber = {IPTI-381-71},
    journal = {Sov. J. Nucl. Phys.},
    volume = {15},
    pages = {438--450},
    year = {1972}
}
