@misc{CATARINA:2021,
	author = {{SANTA CATARINA}},
	title = {{Currículo Base do Ensino Médio do Território Catarinense -- Caderno 1: Disposições Gerais}},
	volume = {1},
	publisher = {Secretaria de Estado da Educação},
	address = {SEE -- Florianópolis},
	year = {2021},
	pages = {120},
	isbn = {978-65-996330-0-3},
}
