@Book{SALINAS:2001,
  author    = {Salinas, Silvio R. A.},
  publisher = {EDUSP},
  title     = {Introdução à Física Estatística},
  year      = {2005},
  isbn      = {9788531403866},
  series    = {Grad. Texts Contemp. Phys.},
  fseries   = {Graduate Texts in Contemporary Physics},
  groups    = {mecanica-estatistica},
  issn      = {0938-037X},
  keywords  = {82-01,80-01,82C05,82D05},
}

@Book{GREINER:2004,
  author    = {Walter Greiner and Ludwig Neise and Horst St{Ö}cker},
  publisher = {Springer},
  title     = {Thermodynamics and Statistical Mechanics},
  year      = {2004},
  address   = {New York [u.a.]},
  isbn      = {9780387942995},
  note      = {Includes bibliographical references and index},
  series    = {Classical theoretical physics},
  groups    = {mecanica-estatistica},
  pagetotal = {XII, 463},
  ppn_gvk   = {548396094},
}
